@inproceedings{howald,
  title={BER performance of M-QAM using OFDM with RF carrier phase noise},
  author={Howald, Robert and Kesler, S and Kam, Moshe},
  booktitle={System Theory, 1998. Proceedings of the Thirtieth Southeastern Symposium on},
  pages={419--423},
  year={1998},
  organization={IEEE}
}
